@misc{soviany2018optimizing,
    title={Optimizing the Trade-off between Single-Stage and Two-Stage Object Detectors using Image Difficulty Prediction},
    author={Petru Soviany and Radu Tudor Ionescu},
    year={2018},
    eprint={1803.08707},
    archivePrefix={arXiv},
    primaryClass={cs.CV}
}

@article{Hosang_2017,
    title={Learning Non-maximum Suppression},
    ISBN={9781538604571},
    url={http://dx.doi.org/10.1109/CVPR.2017.685},
    DOI={10.1109/cvpr.2017.685},
    journal={2017 IEEE Conference on Computer Vision and Pattern Recognition (CVPR)},
    publisher={IEEE},
    author={Hosang, Jan and Benenson, Rodrigo and Schiele, Bernt},
    year={2017},
    month={Jul}
}

@article{Bodla_2017,
    title={Soft-NMS — Improving Object Detection with One Line of Code},
    ISBN={9781538610329},
    url={http://dx.doi.org/10.1109/ICCV.2017.593},
    DOI={10.1109/iccv.2017.593},
    journal={2017 IEEE International Conference on Computer Vision (ICCV)},
    publisher={IEEE},
    author={Bodla, Navaneeth and Singh, Bharat and Chellappa, Rama and Davis, Larry S.},
    year={2017},
    month={Oct}
}

@misc{liu2019adaptive,
    title={Adaptive NMS: Refining Pedestrian Detection in a Crowd},
    author={Songtao Liu and Di Huang and Yunhong Wang},
    year={2019},
    eprint={1904.03629},
    archivePrefix={arXiv},
    primaryClass={cs.CV}
}

@article{Hosang_2016,
    title={A Convnet for Non-maximum Suppression},
    ISBN={9783319458861},
    ISSN={1611-3349},
    url={http://dx.doi.org/10.1007/978-3-319-45886-1_16},
    DOI={10.1007/978-3-319-45886-1_16},
    journal={Pattern Recognition},
    publisher={Springer International Publishing},
    author={Hosang, Jan and Benenson, Rodrigo and Schiele, Bernt},
    year={2016},
    pages={192–204}
}

@misc{liu2019learning,
    title={Learning Pairwise Relationship for Multi-object Detection in Crowded Scenes},
    author={Yu Liu and Lingqiao Liu and Hamid Rezatofighi and Thanh-Toan Do and Qinfeng Shi and Ian Reid},
    year={2019},
    eprint={1901.03796},
    archivePrefix={arXiv},
    primaryClass={cs.CV}
}

@article{Isola_2017,
    title={Image-to-Image Translation with Conditional Adversarial Networks},
    ISBN={9781538604571},
    url={http://dx.doi.org/10.1109/CVPR.2017.632},
    DOI={10.1109/cvpr.2017.632},
    journal={2017 IEEE Conference on Computer Vision and Pattern Recognition (CVPR)},
    publisher={IEEE},
    author={Isola, Phillip and Zhu, Jun-Yan and Zhou, Tinghui and Efros, Alexei A.},
    year={2017},
    month={Jul}
}

@misc{lang2018pointpillars,
    title={PointPillars: Fast Encoders for Object Detection from Point Clouds},
    author={Alex H. Lang and Sourabh Vora and Holger Caesar and Lubing Zhou and Jiong Yang and Oscar Beijbom},
    year={2018},
    eprint={1812.05784},
    archivePrefix={arXiv},
    primaryClass={cs.LG}
}

@misc{salimans2016improved,
    title={Improved Techniques for Training GANs},
    author={Tim Salimans and Ian Goodfellow and Wojciech Zaremba and Vicki Cheung and Alec Radford and Xi Chen},
    year={2016},
    eprint={1606.03498},
    archivePrefix={arXiv},
    primaryClass={cs.LG}
}

@article{Li_2017,
    title={Perceptual Generative Adversarial Networks for Small Object Detection},
    ISBN={9781538604571},
    url={http://dx.doi.org/10.1109/CVPR.2017.211},
    DOI={10.1109/cvpr.2017.211},
    journal={2017 IEEE Conference on Computer Vision and Pattern Recognition (CVPR)},
    publisher={IEEE},
    author={Li, Jianan and Liang, Xiaodan and Wei, Yunchao and Xu, Tingfa and Feng, Jiashi and Yan, Shuicheng},
    year={2017},
    month={Jul}
}
